<collection xmlns="http://www.loc.gov/MARC21/slim">
<record>
  <leader>01220nam0a22002891i 450 </leader>
  <controlfield tag="001">IT\ICCU\CNCE\041141</controlfield>
  <controlfield tag="005">19981105000000.0</controlfield>
  <datafield tag="012" ind1=" " ind2=" ">
    <subfield code="a">uma- *o,&amp; zunc neue (3) 1583 (R)</subfield>
    <subfield code="2">fei</subfield>
  </datafield>
  <datafield tag="100" ind1=" " ind2=" ">
    <subfield code="a">19981105d1583        0itac0103    ba</subfield>
  </datafield>
  <datafield tag="101" ind1=" " ind2=" ">
    <subfield code="a">LAT</subfield>
  </datafield>
  <datafield tag="102" ind1=" " ind2=" ">
    <subfield code="a">IT</subfield>
  </datafield>
  <datafield tag="200" ind1="1" ind2=" ">
    <subfield code="a">℗Ebenbitar Arabs ℗De limonibus, iamdiu per Andraeam Bellunensem in Latinum translatus. Nunc primum in lucem editus</subfield>
  </datafield>
  <datafield tag="210" ind1=" " ind2=" ">
    <subfield code="a">Venetiis</subfield>
    <subfield code="c">apud Oratium de Gobbis</subfield>
    <subfield code="d">1583</subfield>
  </datafield>
  <datafield tag="215" ind1=" " ind2=" ">
    <subfield code="a">24 c.</subfield>
    <subfield code="d">8ʻ</subfield>
  </datafield>
  <datafield tag="620" ind1=" " ind2=" ">
    <subfield code="a">IT</subfield>
    <subfield code="d">Venezia</subfield>
  </datafield>
  <datafield tag="700" ind1=" " ind2="0">
    <subfield code="a">Abd Allah Ibn Ahmad</subfield>
    <subfield code="3">IT\ICCU\CNCA\011233</subfield>
  </datafield>
  <datafield tag="702" ind1=" " ind2="1">
    <subfield code="a">Alpago,</subfield>
    <subfield code="b">Andrea</subfield>
    <subfield code="3">IT\ICCU\CNCA\000365</subfield>
  </datafield>
  <datafield tag="712" ind1="0" ind2="0">
    <subfield code="a">Gobbi, Orazio</subfield>
    <subfield code="3">IT\ICCU\CNCT\000755</subfield>
    <subfield code="4">650</subfield>
  </datafield>
  <datafield tag="790" ind1=" " ind2="0">
    <subfield code="a">Ibn al-Baytar</subfield>
    <subfield code="3">IT\ICCU\CNCA\011234</subfield>
    <subfield code="z">Abd Allah Ibn Ahmad</subfield>
  </datafield>
  <datafield tag="790" ind1=" " ind2="0">
    <subfield code="a">Ebenbitar</subfield>
    <subfield code="3">IT\ICCU\CNCA\011235</subfield>
    <subfield code="z">Abd Allah Ibn Ahmad</subfield>
  </datafield>
  <datafield tag="790" ind1=" " ind2="0">
    <subfield code="a">Ibn el-Beitar</subfield>
    <subfield code="3">IT\ICCU\CNCA\028259</subfield>
    <subfield code="z">Abd Allah Ibn Ahmad</subfield>
  </datafield>
  <datafield tag="790" ind1=" " ind2="0">
    <subfield code="a">Andreas</subfield>
    <subfield code="c"> : Bellunensis</subfield>
    <subfield code="3">IT\ICCU\CNCA\007587</subfield>
    <subfield code="z">Alpago, Andrea</subfield>
  </datafield>
  <datafield tag="791" ind1="0" ind2="0">
    <subfield code="a">De_Gobbi, Orazio</subfield>
    <subfield code="3">IT\ICCU\CNCT\003157</subfield>
    <subfield code="z">Gobbi, Orazio</subfield>
  </datafield>
  <datafield tag="791" ind1="0" ind2="0">
    <subfield code="a">Gobbis, Horatius de</subfield>
    <subfield code="3">IT\ICCU\CNCT\004949</subfield>
    <subfield code="z">Gobbi, Orazio</subfield>
  </datafield>
  <datafield tag="801" ind1=" " ind2="3">
    <subfield code="a">IT</subfield>
    <subfield code="b">ICCU</subfield>
    <subfield code="c">20201114</subfield>
  </datafield>
  <datafield tag="899" ind1=" " ind2=" ">
    <subfield code="a">Biblioteca universitaria. Bologna</subfield>
    <subfield code="1">BO0098</subfield>
    <subfield code="2">UBO BU</subfield>
  </datafield>
  <datafield tag="899" ind1=" " ind2=" ">
    <subfield code="a">British Library. London</subfield>
    <subfield code="1">UK0001</subfield>
  </datafield>
</record>
</collection>
